@Article{higgins-et-al:2011,
  author = 	 {Steve Higgins and Emma Mercier and Liz Burd and Andrew Joyce-Gibbons},
  title = 	 {{Multi-touch tables and collaborative learning}},
  journal = 	 {{British Journal of Educational Technology}},
  year = 	 {2011},
  volume = 	 {43},
  number = 	 {6},
  pages = 	 {1041-1054}
}

@Article{richardson-et-al:2013,
  author = 	 {Thomas Richardson and Liz Burd and Shamus Smith},
  title = 	 {{Guidelines for supporting real-time multi-touch applications}},
  journal = 	 {{Journal of Software: Practice and Experience}},
  year = 	 {2013},
  volume = 	 {44},
  number = 	 {8},
  pages = 	 {931-949}
}

@inproceedings{reetz-et-al:2006,
  title =	 {Superflick: a natural and efficient technique for long-distance object placement on digital tables},
  author =	 {Adrian Reetz and Carl Gutwin and Tadeusz Stach and Miguel Nacenta and Sriram Subramanian},
  booktitle =	 {Proceedings of Graphics interface 2006},
  pages =	 {163--170},
  year =	 {2006},
  organization =	 {Canadian Information Processing Society}
}

@inproceedings{alagha-et-al:2010,
  title =	 {Towards a teacher-centric approach for multi-touch surfaces in classrooms},
  author =	 {Iyad AlAgha and Andrew Hatch and Linxiao Ma and Liz Burd},
  booktitle =	 {ACM International Conference on Interactive Tabletops and Surfaces},
  pages =	 {187--196},
  year =	 {2010},
  organization =	 {ACM}
}